%YAML 1.1
%TAG !u! tag:unity3d.com,2011:
--- !u!1 &44314432819234103
GameObject:
  m_ObjectHideFlags: 0
  m_CorrespondingSourceObject: {fileID: 0}
  m_PrefabInstance: {fileID: 0}
  m_PrefabAsset: {fileID: 0}
  serializedVersion: 6
  m_Component:
  - component: {fileID: 4522224360974968687}
  - component: {fileID: 6704899446976185518}
  - component: {fileID: 8276047306218048246}
  - component: {fileID: 5232001676476529507}
  m_Layer: 12
  m_Name: House2_Prefab
  m_TagString: Untagged
  m_Icon: {fileID: 0}
  m_NavMeshLayer: 0
  m_StaticEditorFlags: 4294967295
  m_IsActive: 1
--- !u!4 &4522224360974968687
Transform:
  m_ObjectHideFlags: 0
  m_CorrespondingSourceObject: {fileID: 0}
  m_PrefabInstance: {fileID: 0}
  m_PrefabAsset: {fileID: 0}
  m_GameObject: {fileID: 44314432819234103}
  m_LocalRotation: {x: 0, y: 0, z: 0, w: 1}
  m_LocalPosition: {x: 480.16, y: 17.96, z: 679.69}
  m_LocalScale: {x: 1, y: 1, z: 1}
  m_Children:
  - {fileID: 5710551231700368824}
  - {fileID: 1200582355534214035}
  - {fileID: 9022728803329369523}
  m_Father: {fileID: 0}
  m_RootOrder: 0
  m_LocalEulerAnglesHint: {x: 0, y: 0, z: 0}
--- !u!205 &6704899446976185518
LODGroup:
  m_ObjectHideFlags: 0
  m_CorrespondingSourceObject: {fileID: 0}
  m_PrefabInstance: {fileID: 0}
  m_PrefabAsset: {fileID: 0}
  m_GameObject: {fileID: 44314432819234103}
  serializedVersion: 2
  m_LocalReferencePoint: {x: -12.773872, y: 4.6083493, z: 2.754882}
  m_Size: 35.50902
  m_FadeMode: 0
  m_AnimateCrossFading: 0
  m_LastLODIsBillboard: 0
  m_LODs:
  - screenRelativeHeight: 0.5166978
    fadeTransitionWidth: 0
    renderers:
    - renderer: {fileID: 6003478479598068604}
  - screenRelativeHeight: 0.2563706
    fadeTransitionWidth: 0
    renderers:
    - renderer: {fileID: 4525797249991783772}
  - screenRelativeHeight: 0.064585954
    fadeTransitionWidth: 0
    renderers:
    - renderer: {fileID: 7014492495990995831}
  m_Enabled: 1
--- !u!64 &8276047306218048246
MeshCollider:
  m_ObjectHideFlags: 0
  m_CorrespondingSourceObject: {fileID: 0}
  m_PrefabInstance: {fileID: 0}
  m_PrefabAsset: {fileID: 0}
  m_GameObject: {fileID: 44314432819234103}
  m_Material: {fileID: 0}
  m_IsTrigger: 0
  m_Enabled: 1
  serializedVersion: 4
  m_Convex: 1
  m_CookingOptions: 30
  m_Mesh: {fileID: 810073409775147130, guid: 2c6c807cc4586fd4dae56516a92a8b94, type: 3}
--- !u!54 &5232001676476529507
Rigidbody:
  m_ObjectHideFlags: 0
  m_CorrespondingSourceObject: {fileID: 0}
  m_PrefabInstance: {fileID: 0}
  m_PrefabAsset: {fileID: 0}
  m_GameObject: {fileID: 44314432819234103}
  serializedVersion: 2
  m_Mass: 1
  m_Drag: 0
  m_AngularDrag: 0.05
  m_UseGravity: 0
  m_IsKinematic: 1
  m_Interpolate: 0
  m_Constraints: 0
  m_CollisionDetection: 0
--- !u!1001 &740069011918870178
PrefabInstance:
  m_ObjectHideFlags: 0
  serializedVersion: 2
  m_Modification:
    m_TransformParent: {fileID: 4522224360974968687}
    m_Modifications:
    - target: {fileID: -4216859302048453862, guid: 2c6c807cc4586fd4dae56516a92a8b94,
        type: 3}
      propertyPath: m_LocalPosition.x
      value: 0
      objectReference: {fileID: 0}
    - target: {fileID: -4216859302048453862, guid: 2c6c807cc4586fd4dae56516a92a8b94,
        type: 3}
      propertyPath: m_LocalPosition.y
      value: 0
      objectReference: {fileID: 0}
    - target: {fileID: -4216859302048453862, guid: 2c6c807cc4586fd4dae56516a92a8b94,
        type: 3}
      propertyPath: m_LocalPosition.z
      value: 0
      objectReference: {fileID: 0}
    - target: {fileID: -4216859302048453862, guid: 2c6c807cc4586fd4dae56516a92a8b94,
        type: 3}
      propertyPath: m_LocalRotation.x
      value: 0
      objectReference: {fileID: 0}
    - target: {fileID: -4216859302048453862, guid: 2c6c807cc4586fd4dae56516a92a8b94,
        type: 3}
      propertyPath: m_LocalRotation.y
      value: 0
      objectReference: {fileID: 0}
    - target: {fileID: -4216859302048453862, guid: 2c6c807cc4586fd4dae56516a92a8b94,
        type: 3}
      propertyPath: m_LocalRotation.z
      value: 0
      objectReference: {fileID: 0}
    - target: {fileID: -4216859302048453862, guid: 2c6c807cc4586fd4dae56516a92a8b94,
        type: 3}
      propertyPath: m_LocalRotation.w
      value: 1
      objectReference: {fileID: 0}
    - target: {fileID: -4216859302048453862, guid: 2c6c807cc4586fd4dae56516a92a8b94,
        type: 3}
      propertyPath: m_RootOrder
      value: 0
      objectReference: {fileID: 0}
    - target: {fileID: -4216859302048453862, guid: 2c6c807cc4586fd4dae56516a92a8b94,
        type: 3}
      propertyPath: m_LocalEulerAnglesHint.x
      value: 0
      objectReference: {fileID: 0}
    - target: {fileID: -4216859302048453862, guid: 2c6c807cc4586fd4dae56516a92a8b94,
        type: 3}
      propertyPath: m_LocalEulerAnglesHint.y
      value: 0
      objectReference: {fileID: 0}
    - target: {fileID: -4216859302048453862, guid: 2c6c807cc4586fd4dae56516a92a8b94,
        type: 3}
      propertyPath: m_LocalEulerAnglesHint.z
      value: 0
      objectReference: {fileID: 0}
    - target: {fileID: -927199367670048503, guid: 2c6c807cc4586fd4dae56516a92a8b94,
        type: 3}
      propertyPath: m_Name
      value: House 2Lod3
      objectReference: {fileID: 0}
    - target: {fileID: -927199367670048503, guid: 2c6c807cc4586fd4dae56516a92a8b94,
        type: 3}
      propertyPath: m_StaticEditorFlags
      value: 4294967295
      objectReference: {fileID: 0}
    m_RemovedComponents: []
  m_SourcePrefab: {fileID: 100100000, guid: 2c6c807cc4586fd4dae56516a92a8b94, type: 3}
--- !u!4 &5710551231700368824 stripped
Transform:
  m_CorrespondingSourceObject: {fileID: -4216859302048453862, guid: 2c6c807cc4586fd4dae56516a92a8b94,
    type: 3}
  m_PrefabInstance: {fileID: 740069011918870178}
  m_PrefabAsset: {fileID: 0}
--- !u!23 &7014492495990995831 stripped
MeshRenderer:
  m_CorrespondingSourceObject: {fileID: -1504981713932161579, guid: 2c6c807cc4586fd4dae56516a92a8b94,
    type: 3}
  m_PrefabInstance: {fileID: 740069011918870178}
  m_PrefabAsset: {fileID: 0}
--- !u!1001 &4057066808165289641
PrefabInstance:
  m_ObjectHideFlags: 0
  serializedVersion: 2
  m_Modification:
    m_TransformParent: {fileID: 4522224360974968687}
    m_Modifications:
    - target: {fileID: -4216859302048453862, guid: 4cf0219661716894c9c25c8aeda396b1,
        type: 3}
      propertyPath: m_LocalPosition.x
      value: 0
      objectReference: {fileID: 0}
    - target: {fileID: -4216859302048453862, guid: 4cf0219661716894c9c25c8aeda396b1,
        type: 3}
      propertyPath: m_LocalPosition.y
      value: 0
      objectReference: {fileID: 0}
    - target: {fileID: -4216859302048453862, guid: 4cf0219661716894c9c25c8aeda396b1,
        type: 3}
      propertyPath: m_LocalPosition.z
      value: 0
      objectReference: {fileID: 0}
    - target: {fileID: -4216859302048453862, guid: 4cf0219661716894c9c25c8aeda396b1,
        type: 3}
      propertyPath: m_LocalRotation.x
      value: 0
      objectReference: {fileID: 0}
    - target: {fileID: -4216859302048453862, guid: 4cf0219661716894c9c25c8aeda396b1,
        type: 3}
      propertyPath: m_LocalRotation.y
      value: 0
      objectReference: {fileID: 0}
    - target: {fileID: -4216859302048453862, guid: 4cf0219661716894c9c25c8aeda396b1,
        type: 3}
      propertyPath: m_LocalRotation.z
      value: 0
      objectReference: {fileID: 0}
    - target: {fileID: -4216859302048453862, guid: 4cf0219661716894c9c25c8aeda396b1,
        type: 3}
      propertyPath: m_LocalRotation.w
      value: 1
      objectReference: {fileID: 0}
    - target: {fileID: -4216859302048453862, guid: 4cf0219661716894c9c25c8aeda396b1,
        type: 3}
      propertyPath: m_RootOrder
      value: 2
      objectReference: {fileID: 0}
    - target: {fileID: -4216859302048453862, guid: 4cf0219661716894c9c25c8aeda396b1,
        type: 3}
      propertyPath: m_LocalEulerAnglesHint.x
      value: 0
      objectReference: {fileID: 0}
    - target: {fileID: -4216859302048453862, guid: 4cf0219661716894c9c25c8aeda396b1,
        type: 3}
      propertyPath: m_LocalEulerAnglesHint.y
      value: 0
      objectReference: {fileID: 0}
    - target: {fileID: -4216859302048453862, guid: 4cf0219661716894c9c25c8aeda396b1,
        type: 3}
      propertyPath: m_LocalEulerAnglesHint.z
      value: 0
      objectReference: {fileID: 0}
    - target: {fileID: -927199367670048503, guid: 4cf0219661716894c9c25c8aeda396b1,
        type: 3}
      propertyPath: m_Name
      value: House 2Lod1
      objectReference: {fileID: 0}
    - target: {fileID: -927199367670048503, guid: 4cf0219661716894c9c25c8aeda396b1,
        type: 3}
      propertyPath: m_StaticEditorFlags
      value: 4294967295
      objectReference: {fileID: 0}
    m_RemovedComponents: []
  m_SourcePrefab: {fileID: 100100000, guid: 4cf0219661716894c9c25c8aeda396b1, type: 3}
--- !u!4 &9022728803329369523 stripped
Transform:
  m_CorrespondingSourceObject: {fileID: -4216859302048453862, guid: 4cf0219661716894c9c25c8aeda396b1,
    type: 3}
  m_PrefabInstance: {fileID: 4057066808165289641}
  m_PrefabAsset: {fileID: 0}
--- !u!23 &6003478479598068604 stripped
MeshRenderer:
  m_CorrespondingSourceObject: {fileID: -1504981713932161579, guid: 4cf0219661716894c9c25c8aeda396b1,
    type: 3}
  m_PrefabInstance: {fileID: 4057066808165289641}
  m_PrefabAsset: {fileID: 0}
--- !u!1001 &6184541267845601417
PrefabInstance:
  m_ObjectHideFlags: 0
  serializedVersion: 2
  m_Modification:
    m_TransformParent: {fileID: 4522224360974968687}
    m_Modifications:
    - target: {fileID: -4216859302048453862, guid: b1cf9a5e740d1ad4fb42fee8b9f868a8,
        type: 3}
      propertyPath: m_LocalPosition.x
      value: 0
      objectReference: {fileID: 0}
    - target: {fileID: -4216859302048453862, guid: b1cf9a5e740d1ad4fb42fee8b9f868a8,
        type: 3}
      propertyPath: m_LocalPosition.y
      value: 0
      objectReference: {fileID: 0}
    - target: {fileID: -4216859302048453862, guid: b1cf9a5e740d1ad4fb42fee8b9f868a8,
        type: 3}
      propertyPath: m_LocalPosition.z
      value: 0
      objectReference: {fileID: 0}
    - target: {fileID: -4216859302048453862, guid: b1cf9a5e740d1ad4fb42fee8b9f868a8,
        type: 3}
      propertyPath: m_LocalRotation.x
      value: 0
      objectReference: {fileID: 0}
    - target: {fileID: -4216859302048453862, guid: b1cf9a5e740d1ad4fb42fee8b9f868a8,
        type: 3}
      propertyPath: m_LocalRotation.y
      value: 0
      objectReference: {fileID: 0}
    - target: {fileID: -4216859302048453862, guid: b1cf9a5e740d1ad4fb42fee8b9f868a8,
        type: 3}
      propertyPath: m_LocalRotation.z
      value: 0
      objectReference: {fileID: 0}
    - target: {fileID: -4216859302048453862, guid: b1cf9a5e740d1ad4fb42fee8b9f868a8,
        type: 3}
      propertyPath: m_LocalRotation.w
      value: 1
      objectReference: {fileID: 0}
    - target: {fileID: -4216859302048453862, guid: b1cf9a5e740d1ad4fb42fee8b9f868a8,
        type: 3}
      propertyPath: m_RootOrder
      value: 1
      objectReference: {fileID: 0}
    - target: {fileID: -4216859302048453862, guid: b1cf9a5e740d1ad4fb42fee8b9f868a8,
        type: 3}
      propertyPath: m_LocalEulerAnglesHint.x
      value: 0
      objectReference: {fileID: 0}
    - target: {fileID: -4216859302048453862, guid: b1cf9a5e740d1ad4fb42fee8b9f868a8,
        type: 3}
      propertyPath: m_LocalEulerAnglesHint.y
      value: 0
      objectReference: {fileID: 0}
    - target: {fileID: -4216859302048453862, guid: b1cf9a5e740d1ad4fb42fee8b9f868a8,
        type: 3}
      propertyPath: m_LocalEulerAnglesHint.z
      value: 0
      objectReference: {fileID: 0}
    - target: {fileID: -927199367670048503, guid: b1cf9a5e740d1ad4fb42fee8b9f868a8,
        type: 3}
      propertyPath: m_Name
      value: House 2Lod2
      objectReference: {fileID: 0}
    - target: {fileID: -927199367670048503, guid: b1cf9a5e740d1ad4fb42fee8b9f868a8,
        type: 3}
      propertyPath: m_StaticEditorFlags
      value: 4294967295
      objectReference: {fileID: 0}
    m_RemovedComponents: []
  m_SourcePrefab: {fileID: 100100000, guid: b1cf9a5e740d1ad4fb42fee8b9f868a8, type: 3}
--- !u!4 &1200582355534214035 stripped
Transform:
  m_CorrespondingSourceObject: {fileID: -4216859302048453862, guid: b1cf9a5e740d1ad4fb42fee8b9f868a8,
    type: 3}
  m_PrefabInstance: {fileID: 6184541267845601417}
  m_PrefabAsset: {fileID: 0}
--- !u!23 &4525797249991783772 stripped
MeshRenderer:
  m_CorrespondingSourceObject: {fileID: -1504981713932161579, guid: b1cf9a5e740d1ad4fb42fee8b9f868a8,
    type: 3}
  m_PrefabInstance: {fileID: 6184541267845601417}
  m_PrefabAsset: {fileID: 0}
