%YAML 1.1
%TAG !u! tag:unity3d.com,2011:
--- !u!1 &1403041826470280997
GameObject:
  m_ObjectHideFlags: 0
  m_CorrespondingSourceObject: {fileID: 0}
  m_PrefabInstance: {fileID: 0}
  m_PrefabAsset: {fileID: 0}
  serializedVersion: 6
  m_Component:
  - component: {fileID: 2676196748112710966}
  - component: {fileID: 5852951752964532831}
  - component: {fileID: 4281169935878088933}
  - component: {fileID: 6654817324996661599}
  - component: {fileID: 6358214664587046446}
  - component: {fileID: 5906618633081185619}
  m_Layer: 8
  m_Name: Wedge 2x3L
  m_TagString: Untagged
  m_Icon: {fileID: 0}
  m_NavMeshLayer: 0
  m_StaticEditorFlags: 0
  m_IsActive: 1
--- !u!4 &2676196748112710966
Transform:
  m_ObjectHideFlags: 0
  m_CorrespondingSourceObject: {fileID: 0}
  m_PrefabInstance: {fileID: 0}
  m_PrefabAsset: {fileID: 0}
  m_GameObject: {fileID: 1403041826470280997}
  m_LocalRotation: {x: 0, y: -0, z: -0, w: 1}
  m_LocalPosition: {x: 23.620026, y: -0.00000023841858, z: 8.882595}
  m_LocalScale: {x: 1, y: 1, z: 1}
  m_Children:
  - {fileID: 4627896823671420088}
  - {fileID: 2228770626601365594}
  - {fileID: 8384704923049376152}
  - {fileID: 7949537680443218603}
  - {fileID: 8073426567768338002}
  - {fileID: 8020057385262067058}
  - {fileID: 5587062021606968359}
  m_Father: {fileID: 0}
  m_RootOrder: 0
  m_LocalEulerAnglesHint: {x: 0, y: 0, z: 0}
--- !u!54 &5852951752964532831
Rigidbody:
  m_ObjectHideFlags: 0
  m_CorrespondingSourceObject: {fileID: 0}
  m_PrefabInstance: {fileID: 0}
  m_PrefabAsset: {fileID: 0}
  m_GameObject: {fileID: 1403041826470280997}
  serializedVersion: 2
  m_Mass: 120
  m_Drag: 0
  m_AngularDrag: 0.05
  m_UseGravity: 0
  m_IsKinematic: 1
  m_Interpolate: 0
  m_Constraints: 0
  m_CollisionDetection: 0
--- !u!114 &4281169935878088933
MonoBehaviour:
  m_ObjectHideFlags: 0
  m_CorrespondingSourceObject: {fileID: 0}
  m_PrefabInstance: {fileID: 0}
  m_PrefabAsset: {fileID: 0}
  m_GameObject: {fileID: 1403041826470280997}
  m_Enabled: 1
  m_EditorHideFlags: 0
  m_Script: {fileID: 11500000, guid: 33bd2b267647acc409c0bf83a590f8ef, type: 3}
  m_Name: 
  m_EditorClassIdentifier: 
  Name: "\u041A\u0440\u044B\u043B\u043E 2x3LW"
  Group: 13
  Sprite: {fileID: 21300000, guid: edd71419adf4ff54c83d33548c74f5a7, type: 3}
  TypeBracing:
  - convex_weld
  - internal_weld
  Blocked: 0
  TakeDetailMove: 0
  DetailMesh: {fileID: 396845703058999432}
  MinorMeshes: []
  Highlight: {fileID: -4092490279341103530}
  CodeDetail: Wing 2x3LW
  Type: 0
  LocalAxisPos: {x: 0, y: 0, z: 0}
  LocalAxisRot: {x: 0, y: 0, z: 0}
  GenerateCod: 
  ParameterDetail: {fileID: 0}
--- !u!65 &6654817324996661599
BoxCollider:
  m_ObjectHideFlags: 0
  m_CorrespondingSourceObject: {fileID: 0}
  m_PrefabInstance: {fileID: 0}
  m_PrefabAsset: {fileID: 0}
  m_GameObject: {fileID: 1403041826470280997}
  m_Material: {fileID: 0}
  m_IsTrigger: 0
  m_Enabled: 1
  serializedVersion: 2
  m_Size: {x: 0.198, y: 0.2398, z: 0.598}
  m_Center: {x: 0, y: 0.040000074, z: 0}
--- !u!65 &6358214664587046446
BoxCollider:
  m_ObjectHideFlags: 0
  m_CorrespondingSourceObject: {fileID: 0}
  m_PrefabInstance: {fileID: 0}
  m_PrefabAsset: {fileID: 0}
  m_GameObject: {fileID: 1403041826470280997}
  m_Material: {fileID: 0}
  m_IsTrigger: 0
  m_Enabled: 1
  serializedVersion: 2
  m_Size: {x: 0.086102486, y: 0.2398, z: 0.34540462}
  m_Center: {x: -0.14180788, y: 0.040000074, z: 0.12681627}
--- !u!65 &5906618633081185619
BoxCollider:
  m_ObjectHideFlags: 0
  m_CorrespondingSourceObject: {fileID: 0}
  m_PrefabInstance: {fileID: 0}
  m_PrefabAsset: {fileID: 0}
  m_GameObject: {fileID: 1403041826470280997}
  m_Material: {fileID: 0}
  m_IsTrigger: 0
  m_Enabled: 1
  serializedVersion: 2
  m_Size: {x: 0.0645504, y: 0.2398, z: 0.15028334}
  m_Center: {x: -0.21685752, y: 0.040000074, z: 0.2240994}
--- !u!1 &5400166352751021498
GameObject:
  m_ObjectHideFlags: 0
  m_CorrespondingSourceObject: {fileID: 0}
  m_PrefabInstance: {fileID: 0}
  m_PrefabAsset: {fileID: 0}
  serializedVersion: 6
  m_Component:
  - component: {fileID: 5587062021606968359}
  - component: {fileID: 446616162599259042}
  - component: {fileID: 396845703058999432}
  - component: {fileID: -4092490279341103530}
  m_Layer: 0
  m_Name: wedge_2x3l
  m_TagString: Untagged
  m_Icon: {fileID: 0}
  m_NavMeshLayer: 0
  m_StaticEditorFlags: 0
  m_IsActive: 1
--- !u!4 &5587062021606968359
Transform:
  m_ObjectHideFlags: 0
  m_CorrespondingSourceObject: {fileID: 0}
  m_PrefabInstance: {fileID: 0}
  m_PrefabAsset: {fileID: 0}
  m_GameObject: {fileID: 5400166352751021498}
  m_LocalRotation: {x: 0.7071068, y: 0, z: -0, w: 0.7071068}
  m_LocalPosition: {x: -0.099999994, y: -0.07999992, z: 0}
  m_LocalScale: {x: 1, y: 1, z: 1}
  m_Children: []
  m_Father: {fileID: 2676196748112710966}
  m_RootOrder: 6
  m_LocalEulerAnglesHint: {x: 0, y: 0, z: 0}
--- !u!33 &446616162599259042
MeshFilter:
  m_ObjectHideFlags: 0
  m_CorrespondingSourceObject: {fileID: 0}
  m_PrefabInstance: {fileID: 0}
  m_PrefabAsset: {fileID: 0}
  m_GameObject: {fileID: 5400166352751021498}
  m_Mesh: {fileID: -839099713074697810, guid: b933f3cf7311bef4cb8975948023bb29, type: 3}
--- !u!23 &396845703058999432
MeshRenderer:
  m_ObjectHideFlags: 0
  m_CorrespondingSourceObject: {fileID: 0}
  m_PrefabInstance: {fileID: 0}
  m_PrefabAsset: {fileID: 0}
  m_GameObject: {fileID: 5400166352751021498}
  m_Enabled: 1
  m_CastShadows: 1
  m_ReceiveShadows: 1
  m_DynamicOccludee: 1
  m_MotionVectors: 1
  m_LightProbeUsage: 1
  m_ReflectionProbeUsage: 1
  m_RayTracingMode: 2
  m_RenderingLayerMask: 1
  m_RendererPriority: 0
  m_Materials:
  - {fileID: 2100000, guid: 2e793bc7e8058524e817a3d20c49c8d7, type: 2}
  m_StaticBatchInfo:
    firstSubMesh: 0
    subMeshCount: 0
  m_StaticBatchRoot: {fileID: 0}
  m_ProbeAnchor: {fileID: 0}
  m_LightProbeVolumeOverride: {fileID: 0}
  m_ScaleInLightmap: 1
  m_ReceiveGI: 1
  m_PreserveUVs: 0
  m_IgnoreNormalsForChartDetection: 0
  m_ImportantGI: 0
  m_StitchLightmapSeams: 1
  m_SelectedEditorRenderState: 3
  m_MinimumChartSize: 4
  m_AutoUVMaxDistance: 0.5
  m_AutoUVMaxAngle: 89
  m_LightmapParameters: {fileID: 0}
  m_SortingLayerID: 0
  m_SortingLayer: 0
  m_SortingOrder: 0
--- !u!114 &-4092490279341103530
MonoBehaviour:
  m_ObjectHideFlags: 0
  m_CorrespondingSourceObject: {fileID: 0}
  m_PrefabInstance: {fileID: 0}
  m_PrefabAsset: {fileID: 0}
  m_GameObject: {fileID: 5400166352751021498}
  m_Enabled: 1
  m_EditorHideFlags: 0
  m_Script: {fileID: 11500000, guid: 888380afc233049ce9e618f9f36c8ba8, type: 3}
  m_Name: 
  m_EditorClassIdentifier: 
  profile: {fileID: 0}
  profileSync: 0
  previewInEditor: 1
  effectGroup: 1
  effectGroupLayer:
    serializedVersion: 2
    m_Bits: 4294967295
  alphaCutOff: 0
  cullBackFaces: 1
  ignoreObjectVisibility: 0
  reflectionProbes: 0
  ignore: 0
  _highlighted: 0
  fadeInDuration: 0
  fadeOutDuration: 0
  flipY: 0
  constantWidth: 1
  overlay: 0
  overlayColor: {r: 1, g: 0.92156863, b: 0.015686275, a: 1}
  overlayAnimationSpeed: 1
  overlayMinIntensity: 0
  overlayBlending: 1
  outline: 1
  outlineColor: {r: 1, g: 0, b: 0, a: 1}
  outlineWidth: 0.45
  outlineQuality: 1
  outlineDownsampling: 2
  outlineVisibility: 0
  outlineOptimalBlit: 1
  outlineBlitDebug: 0
  outlineIndependent: 1
  glow: 0
  glowWidth: 0.4
  glowQuality: 1
  glowDownsampling: 2
  glowHQColor: {r: 0.64, g: 1, b: 0, a: 1}
  glowDithering: 1
  glowBlendMode: 0
  glowMagicNumber1: 0.75
  glowMagicNumber2: 0.5
  glowAnimationSpeed: 1
  glowVisibility: 0
  glowOptimalBlit: 1
  glowBlitDebug: 0
  glowPasses:
  - offset: 4
    alpha: 0.1
    color: {r: 0.64, g: 1, b: 0, a: 1}
  - offset: 3
    alpha: 0.2
    color: {r: 0.64, g: 1, b: 0, a: 1}
  - offset: 2
    alpha: 0.3
    color: {r: 0.64, g: 1, b: 0, a: 1}
  - offset: 1
    alpha: 0.4
    color: {r: 0.64, g: 1, b: 0, a: 1}
  innerGlow: 0
  innerGlowWidth: 0
  innerGlowColor: {r: 1, g: 1, b: 1, a: 1}
  innerGlowVisibility: 0
  targetFX: 0
  targetFXTexture: {fileID: 0}
  targetFXColor: {r: 1, g: 1, b: 1, a: 1}
  targetFXCenter: {fileID: 0}
  targetFXRotationSpeed: 50
  targetFXInitialScale: 4
  targetFXEndScale: 1.5
  targetFXTransitionDuration: 0.5
  targetFXStayDuration: 1.5
  seeThrough: 2
  seeThroughIntensity: 0.8
  seeThroughTintAlpha: 0.5
  seeThroughTintColor: {r: 1, g: 0, b: 0, a: 1}
  seeThroughNoise: 1
  seeThroughBorder: 0
  seeThroughBorderColor: {r: 0, g: 0, b: 0, a: 1}
  seeThroughBorderWidth: 0.45
  rmsCount: 0
--- !u!1 &5445289963352713376
GameObject:
  m_ObjectHideFlags: 0
  m_CorrespondingSourceObject: {fileID: 0}
  m_PrefabInstance: {fileID: 0}
  m_PrefabAsset: {fileID: 0}
  serializedVersion: 6
  m_Component:
  - component: {fileID: 4627896823671420088}
  m_Layer: 10
  m_Name: convex_weld_1
  m_TagString: Untagged
  m_Icon: {fileID: 0}
  m_NavMeshLayer: 0
  m_StaticEditorFlags: 0
  m_IsActive: 1
--- !u!4 &4627896823671420088
Transform:
  m_ObjectHideFlags: 0
  m_CorrespondingSourceObject: {fileID: 0}
  m_PrefabInstance: {fileID: 0}
  m_PrefabAsset: {fileID: 0}
  m_GameObject: {fileID: 5445289963352713376}
  m_LocalRotation: {x: -0.7071068, y: 0, z: -0, w: 0.7071068}
  m_LocalPosition: {x: 0, y: 0.16000007, z: -0.19999999}
  m_LocalScale: {x: 30.000002, y: 30.000002, z: 10}
  m_Children: []
  m_Father: {fileID: 2676196748112710966}
  m_RootOrder: 0
  m_LocalEulerAnglesHint: {x: 0, y: 0, z: 0}
--- !u!1 &5963351485408294351
GameObject:
  m_ObjectHideFlags: 0
  m_CorrespondingSourceObject: {fileID: 0}
  m_PrefabInstance: {fileID: 0}
  m_PrefabAsset: {fileID: 0}
  serializedVersion: 6
  m_Component:
  - component: {fileID: 8020057385262067058}
  m_Layer: 10
  m_Name: internal_weld_3
  m_TagString: Untagged
  m_Icon: {fileID: 0}
  m_NavMeshLayer: 0
  m_StaticEditorFlags: 0
  m_IsActive: 1
--- !u!4 &8020057385262067058
Transform:
  m_ObjectHideFlags: 0
  m_CorrespondingSourceObject: {fileID: 0}
  m_PrefabInstance: {fileID: 0}
  m_PrefabAsset: {fileID: 0}
  m_GameObject: {fileID: 5963351485408294351}
  m_LocalRotation: {x: -0.7071068, y: 0, z: -0, w: 0.7071068}
  m_LocalPosition: {x: 0, y: -0.07999992, z: 0.19999999}
  m_LocalScale: {x: 30.000002, y: 30.000002, z: 10}
  m_Children: []
  m_Father: {fileID: 2676196748112710966}
  m_RootOrder: 5
  m_LocalEulerAnglesHint: {x: 0, y: 0, z: 0}
--- !u!1 &6910767661028024292
GameObject:
  m_ObjectHideFlags: 0
  m_CorrespondingSourceObject: {fileID: 0}
  m_PrefabInstance: {fileID: 0}
  m_PrefabAsset: {fileID: 0}
  serializedVersion: 6
  m_Component:
  - component: {fileID: 8073426567768338002}
  m_Layer: 10
  m_Name: internal_weld_2
  m_TagString: Untagged
  m_Icon: {fileID: 0}
  m_NavMeshLayer: 0
  m_StaticEditorFlags: 0
  m_IsActive: 1
--- !u!4 &8073426567768338002
Transform:
  m_ObjectHideFlags: 0
  m_CorrespondingSourceObject: {fileID: 0}
  m_PrefabInstance: {fileID: 0}
  m_PrefabAsset: {fileID: 0}
  m_GameObject: {fileID: 6910767661028024292}
  m_LocalRotation: {x: -0.7071068, y: 0, z: -0, w: 0.7071068}
  m_LocalPosition: {x: 0, y: -0.07999992, z: 0}
  m_LocalScale: {x: 30.000002, y: 30.000002, z: 10}
  m_Children: []
  m_Father: {fileID: 2676196748112710966}
  m_RootOrder: 4
  m_LocalEulerAnglesHint: {x: 0, y: 0, z: 0}
--- !u!1 &6943793175277701441
GameObject:
  m_ObjectHideFlags: 0
  m_CorrespondingSourceObject: {fileID: 6107239960120231179, guid: a217614680e3dfd41bd5aa479211451f,
    type: 3}
  m_PrefabInstance: {fileID: 3790915400481115210}
  m_PrefabAsset: {fileID: 0}
  serializedVersion: 6
  m_Component:
  - component: {fileID: 7949537680443218603}
  m_Layer: 10
  m_Name: internal_weld_1
  m_TagString: Untagged
  m_Icon: {fileID: 0}
  m_NavMeshLayer: 0
  m_StaticEditorFlags: 0
  m_IsActive: 1
--- !u!4 &7949537680443218603
Transform:
  m_ObjectHideFlags: 0
  m_CorrespondingSourceObject: {fileID: 6543280688644921057, guid: a217614680e3dfd41bd5aa479211451f,
    type: 3}
  m_PrefabInstance: {fileID: 3790915400481115210}
  m_PrefabAsset: {fileID: 0}
  m_GameObject: {fileID: 6943793175277701441}
  m_LocalRotation: {x: -0.7071068, y: 0, z: -0, w: 0.7071068}
  m_LocalPosition: {x: 0, y: -0.07999992, z: -0.19999999}
  m_LocalScale: {x: 30.000002, y: 30.000002, z: 10}
  m_Children: []
  m_Father: {fileID: 2676196748112710966}
  m_RootOrder: 3
  m_LocalEulerAnglesHint: {x: 0, y: 0, z: 0}
--- !u!1 &8436237453032950089
GameObject:
  m_ObjectHideFlags: 0
  m_CorrespondingSourceObject: {fileID: 0}
  m_PrefabInstance: {fileID: 0}
  m_PrefabAsset: {fileID: 0}
  serializedVersion: 6
  m_Component:
  - component: {fileID: 2228770626601365594}
  m_Layer: 10
  m_Name: convex_weld_2
  m_TagString: Untagged
  m_Icon: {fileID: 0}
  m_NavMeshLayer: 0
  m_StaticEditorFlags: 0
  m_IsActive: 1
--- !u!4 &2228770626601365594
Transform:
  m_ObjectHideFlags: 0
  m_CorrespondingSourceObject: {fileID: 0}
  m_PrefabInstance: {fileID: 0}
  m_PrefabAsset: {fileID: 0}
  m_GameObject: {fileID: 8436237453032950089}
  m_LocalRotation: {x: -0.7071068, y: 0, z: -0, w: 0.7071068}
  m_LocalPosition: {x: 0, y: 0.16000007, z: 0}
  m_LocalScale: {x: 30.000002, y: 30.000002, z: 10}
  m_Children: []
  m_Father: {fileID: 2676196748112710966}
  m_RootOrder: 1
  m_LocalEulerAnglesHint: {x: 0, y: 0, z: 0}
--- !u!1 &8529004195987536160
GameObject:
  m_ObjectHideFlags: 0
  m_CorrespondingSourceObject: {fileID: 0}
  m_PrefabInstance: {fileID: 0}
  m_PrefabAsset: {fileID: 0}
  serializedVersion: 6
  m_Component:
  - component: {fileID: 8384704923049376152}
  m_Layer: 10
  m_Name: convex_weld_3
  m_TagString: Untagged
  m_Icon: {fileID: 0}
  m_NavMeshLayer: 0
  m_StaticEditorFlags: 0
  m_IsActive: 1
--- !u!4 &8384704923049376152
Transform:
  m_ObjectHideFlags: 0
  m_CorrespondingSourceObject: {fileID: 0}
  m_PrefabInstance: {fileID: 0}
  m_PrefabAsset: {fileID: 0}
  m_GameObject: {fileID: 8529004195987536160}
  m_LocalRotation: {x: -0.7071068, y: 0, z: -0, w: 0.7071068}
  m_LocalPosition: {x: 0, y: 0.16000007, z: 0.19999999}
  m_LocalScale: {x: 30.000002, y: 30.000002, z: 10}
  m_Children: []
  m_Father: {fileID: 2676196748112710966}
  m_RootOrder: 2
  m_LocalEulerAnglesHint: {x: 0, y: 0, z: 0}
--- !u!1001 &3790915400481115210
PrefabInstance:
  m_ObjectHideFlags: 0
  serializedVersion: 2
  m_Modification:
    m_TransformParent: {fileID: 2676196748112710966}
    m_Modifications:
    - target: {fileID: 6107239960120231179, guid: a217614680e3dfd41bd5aa479211451f,
        type: 3}
      propertyPath: m_Name
      value: internal_weld_1
      objectReference: {fileID: 0}
    - target: {fileID: 6543280688644921057, guid: a217614680e3dfd41bd5aa479211451f,
        type: 3}
      propertyPath: m_LocalPosition.x
      value: 0.099999994
      objectReference: {fileID: 0}
    - target: {fileID: 6543280688644921057, guid: a217614680e3dfd41bd5aa479211451f,
        type: 3}
      propertyPath: m_LocalPosition.y
      value: 5.4079017e-17
      objectReference: {fileID: 0}
    - target: {fileID: 6543280688644921057, guid: a217614680e3dfd41bd5aa479211451f,
        type: 3}
      propertyPath: m_LocalPosition.z
      value: -0.19999999
      objectReference: {fileID: 0}
    - target: {fileID: 6543280688644921057, guid: a217614680e3dfd41bd5aa479211451f,
        type: 3}
      propertyPath: m_LocalRotation.x
      value: -0.7071068
      objectReference: {fileID: 0}
    - target: {fileID: 6543280688644921057, guid: a217614680e3dfd41bd5aa479211451f,
        type: 3}
      propertyPath: m_LocalRotation.y
      value: 0
      objectReference: {fileID: 0}
    - target: {fileID: 6543280688644921057, guid: a217614680e3dfd41bd5aa479211451f,
        type: 3}
      propertyPath: m_LocalRotation.z
      value: -0
      objectReference: {fileID: 0}
    - target: {fileID: 6543280688644921057, guid: a217614680e3dfd41bd5aa479211451f,
        type: 3}
      propertyPath: m_LocalRotation.w
      value: 0.7071068
      objectReference: {fileID: 0}
    - target: {fileID: 6543280688644921057, guid: a217614680e3dfd41bd5aa479211451f,
        type: 3}
      propertyPath: m_RootOrder
      value: 3
      objectReference: {fileID: 0}
    - target: {fileID: 6543280688644921057, guid: a217614680e3dfd41bd5aa479211451f,
        type: 3}
      propertyPath: m_LocalEulerAnglesHint.x
      value: 0
      objectReference: {fileID: 0}
    - target: {fileID: 6543280688644921057, guid: a217614680e3dfd41bd5aa479211451f,
        type: 3}
      propertyPath: m_LocalEulerAnglesHint.y
      value: 0
      objectReference: {fileID: 0}
    - target: {fileID: 6543280688644921057, guid: a217614680e3dfd41bd5aa479211451f,
        type: 3}
      propertyPath: m_LocalEulerAnglesHint.z
      value: 0
      objectReference: {fileID: 0}
    m_RemovedComponents: []
  m_SourcePrefab: {fileID: 100100000, guid: a217614680e3dfd41bd5aa479211451f, type: 3}
