%YAML 1.1
%TAG !u! tag:unity3d.com,2011:
--- !u!1 &1842487206388187014
GameObject:
  m_ObjectHideFlags: 0
  m_CorrespondingSourceObject: {fileID: 0}
  m_PrefabInstance: {fileID: 0}
  m_PrefabAsset: {fileID: 0}
  serializedVersion: 6
  m_Component:
  - component: {fileID: 1702067255613533292}
  m_Layer: 10
  m_Name: internal_weld_1
  m_TagString: Untagged
  m_Icon: {fileID: 0}
  m_NavMeshLayer: 0
  m_StaticEditorFlags: 0
  m_IsActive: 1
--- !u!4 &1702067255613533292
Transform:
  m_ObjectHideFlags: 0
  m_CorrespondingSourceObject: {fileID: 0}
  m_PrefabInstance: {fileID: 0}
  m_PrefabAsset: {fileID: 0}
  m_GameObject: {fileID: 1842487206388187014}
  m_LocalRotation: {x: 0.7071068, y: -0, z: -0, w: -0.7071068}
  m_LocalPosition: {x: 0.119999886, y: 0, z: 0}
  m_LocalScale: {x: 30, y: 30.000032, z: 10}
  m_Children: []
  m_Father: {fileID: 6696669590662806513}
  m_RootOrder: 1
  m_LocalEulerAnglesHint: {x: 0, y: 0, z: 0}
--- !u!1 &2750399555787335971
GameObject:
  m_ObjectHideFlags: 0
  m_CorrespondingSourceObject: {fileID: 0}
  m_PrefabInstance: {fileID: 0}
  m_PrefabAsset: {fileID: 0}
  serializedVersion: 6
  m_Component:
  - component: {fileID: 704261318357932181}
  m_Layer: 10
  m_Name: internal_weld_2
  m_TagString: Untagged
  m_Icon: {fileID: 0}
  m_NavMeshLayer: 0
  m_StaticEditorFlags: 0
  m_IsActive: 1
--- !u!4 &704261318357932181
Transform:
  m_ObjectHideFlags: 0
  m_CorrespondingSourceObject: {fileID: 0}
  m_PrefabInstance: {fileID: 0}
  m_PrefabAsset: {fileID: 0}
  m_GameObject: {fileID: 2750399555787335971}
  m_LocalRotation: {x: 0.7071068, y: -0, z: -0, w: -0.7071068}
  m_LocalPosition: {x: -0.07999992, y: 0, z: 0}
  m_LocalScale: {x: 30, y: 30.000032, z: 10}
  m_Children: []
  m_Father: {fileID: 6696669590662806513}
  m_RootOrder: 0
  m_LocalEulerAnglesHint: {x: 0, y: 0, z: 0}
--- !u!1 &3629080098783551079
GameObject:
  m_ObjectHideFlags: 0
  m_CorrespondingSourceObject: {fileID: 0}
  m_PrefabInstance: {fileID: 0}
  m_PrefabAsset: {fileID: 0}
  serializedVersion: 6
  m_Component:
  - component: {fileID: 4176258404758209151}
  m_Layer: 10
  m_Name: convex_weld_1
  m_TagString: Untagged
  m_Icon: {fileID: 0}
  m_NavMeshLayer: 0
  m_StaticEditorFlags: 0
  m_IsActive: 1
--- !u!4 &4176258404758209151
Transform:
  m_ObjectHideFlags: 0
  m_CorrespondingSourceObject: {fileID: 0}
  m_PrefabInstance: {fileID: 0}
  m_PrefabAsset: {fileID: 0}
  m_GameObject: {fileID: 3629080098783551079}
  m_LocalRotation: {x: 0.7071068, y: -0, z: -0, w: -0.7071068}
  m_LocalPosition: {x: 0.01999998, y: 0.07999992, z: 0}
  m_LocalScale: {x: 30, y: 30.000032, z: 10}
  m_Children: []
  m_Father: {fileID: 6696669590662806513}
  m_RootOrder: 2
  m_LocalEulerAnglesHint: {x: 0, y: 0, z: 0}
--- !u!1 &7688770858127133154
GameObject:
  m_ObjectHideFlags: 0
  m_CorrespondingSourceObject: {fileID: 0}
  m_PrefabInstance: {fileID: 0}
  m_PrefabAsset: {fileID: 0}
  serializedVersion: 6
  m_Component:
  - component: {fileID: 6696669590662806513}
  - component: {fileID: 6084238323211354704}
  - component: {fileID: 5090887445492152480}
  - component: {fileID: 2730761187251851147}
  m_Layer: 8
  m_Name: Plate 2x1C
  m_TagString: Untagged
  m_Icon: {fileID: 0}
  m_NavMeshLayer: 0
  m_StaticEditorFlags: 0
  m_IsActive: 1
--- !u!4 &6696669590662806513
Transform:
  m_ObjectHideFlags: 0
  m_CorrespondingSourceObject: {fileID: 0}
  m_PrefabInstance: {fileID: 0}
  m_PrefabAsset: {fileID: 0}
  m_GameObject: {fileID: 7688770858127133154}
  m_LocalRotation: {x: 0.5, y: 0.5, z: -0.5, w: 0.5}
  m_LocalPosition: {x: 1.6401, y: 0.2999999, z: -19.3}
  m_LocalScale: {x: 1, y: 1, z: 1}
  m_Children:
  - {fileID: 704261318357932181}
  - {fileID: 1702067255613533292}
  - {fileID: 4176258404758209151}
  - {fileID: 2553113647289694055}
  m_Father: {fileID: 0}
  m_RootOrder: 0
  m_LocalEulerAnglesHint: {x: 0, y: 0, z: 0}
--- !u!54 &6084238323211354704
Rigidbody:
  m_ObjectHideFlags: 0
  m_CorrespondingSourceObject: {fileID: 0}
  m_PrefabInstance: {fileID: 0}
  m_PrefabAsset: {fileID: 0}
  m_GameObject: {fileID: 7688770858127133154}
  serializedVersion: 2
  m_Mass: 20
  m_Drag: 0
  m_AngularDrag: 0.05
  m_UseGravity: 0
  m_IsKinematic: 1
  m_Interpolate: 0
  m_Constraints: 0
  m_CollisionDetection: 0
--- !u!114 &5090887445492152480
MonoBehaviour:
  m_ObjectHideFlags: 0
  m_CorrespondingSourceObject: {fileID: 0}
  m_PrefabInstance: {fileID: 0}
  m_PrefabAsset: {fileID: 0}
  m_GameObject: {fileID: 7688770858127133154}
  m_Enabled: 1
  m_EditorHideFlags: 0
  m_Script: {fileID: 11500000, guid: 33bd2b267647acc409c0bf83a590f8ef, type: 3}
  m_Name: 
  m_EditorClassIdentifier: 
  Name: "\u041F\u043B\u0430\u0441\u0442\u0438\u043D\u0430 2\u04451C"
  Group: 7
  Sprite: {fileID: 21300000, guid: eb1cc3bb011231949a6a19baaad69610, type: 3}
  TypeBracing:
  - convex_weld
  - internal_weld
  Blocked: 0
  TakeDetailMove: 0
  DetailMesh: {fileID: 2348793871064278878}
  MinorMeshes: []
  Highlight: {fileID: -3778941696580660993}
  CodeDetail: Plate 2x1C
  Type: 0
  LocalAxisPos: {x: 0, y: 0, z: 0}
  LocalAxisRot: {x: 0, y: 0, z: 0}
  GenerateCod: 
  ParameterDetail: {fileID: 0}
--- !u!65 &2730761187251851147
BoxCollider:
  m_ObjectHideFlags: 0
  m_CorrespondingSourceObject: {fileID: 0}
  m_PrefabInstance: {fileID: 0}
  m_PrefabAsset: {fileID: 0}
  m_GameObject: {fileID: 7688770858127133154}
  m_Material: {fileID: 0}
  m_IsTrigger: 0
  m_Enabled: 1
  serializedVersion: 2
  m_Size: {x: 0.4, y: 0.079416275, z: 0.196}
  m_Center: {x: 0.01999998, y: 0.03978634, z: 0}
--- !u!1 &7828999272426920486
GameObject:
  m_ObjectHideFlags: 0
  m_CorrespondingSourceObject: {fileID: 0}
  m_PrefabInstance: {fileID: 0}
  m_PrefabAsset: {fileID: 0}
  serializedVersion: 6
  m_Component:
  - component: {fileID: 2553113647289694055}
  - component: {fileID: 7301564128771308266}
  - component: {fileID: 2348793871064278878}
  - component: {fileID: -3778941696580660993}
  m_Layer: 0
  m_Name: plate_2x1c
  m_TagString: Untagged
  m_Icon: {fileID: 0}
  m_NavMeshLayer: 0
  m_StaticEditorFlags: 0
  m_IsActive: 1
--- !u!4 &2553113647289694055
Transform:
  m_ObjectHideFlags: 0
  m_CorrespondingSourceObject: {fileID: 0}
  m_PrefabInstance: {fileID: 0}
  m_PrefabAsset: {fileID: 0}
  m_GameObject: {fileID: 7828999272426920486}
  m_LocalRotation: {x: 0.7071068, y: 0, z: 0, w: 0.7071068}
  m_LocalPosition: {x: 0.01999998, y: 0, z: 0}
  m_LocalScale: {x: 1, y: 1, z: 1}
  m_Children: []
  m_Father: {fileID: 6696669590662806513}
  m_RootOrder: 3
  m_LocalEulerAnglesHint: {x: 90, y: 0, z: 0}
--- !u!33 &7301564128771308266
MeshFilter:
  m_ObjectHideFlags: 0
  m_CorrespondingSourceObject: {fileID: 0}
  m_PrefabInstance: {fileID: 0}
  m_PrefabAsset: {fileID: 0}
  m_GameObject: {fileID: 7828999272426920486}
  m_Mesh: {fileID: -8192457383522221588, guid: 2790dcdc85ea81e4d9626149b900a5b5, type: 3}
--- !u!23 &2348793871064278878
MeshRenderer:
  m_ObjectHideFlags: 0
  m_CorrespondingSourceObject: {fileID: 0}
  m_PrefabInstance: {fileID: 0}
  m_PrefabAsset: {fileID: 0}
  m_GameObject: {fileID: 7828999272426920486}
  m_Enabled: 1
  m_CastShadows: 1
  m_ReceiveShadows: 1
  m_DynamicOccludee: 1
  m_MotionVectors: 1
  m_LightProbeUsage: 1
  m_ReflectionProbeUsage: 1
  m_RayTracingMode: 2
  m_RenderingLayerMask: 1
  m_RendererPriority: 0
  m_Materials:
  - {fileID: 2100000, guid: 2e793bc7e8058524e817a3d20c49c8d7, type: 2}
  m_StaticBatchInfo:
    firstSubMesh: 0
    subMeshCount: 0
  m_StaticBatchRoot: {fileID: 0}
  m_ProbeAnchor: {fileID: 0}
  m_LightProbeVolumeOverride: {fileID: 0}
  m_ScaleInLightmap: 1
  m_ReceiveGI: 1
  m_PreserveUVs: 0
  m_IgnoreNormalsForChartDetection: 0
  m_ImportantGI: 0
  m_StitchLightmapSeams: 1
  m_SelectedEditorRenderState: 3
  m_MinimumChartSize: 4
  m_AutoUVMaxDistance: 0.5
  m_AutoUVMaxAngle: 89
  m_LightmapParameters: {fileID: 0}
  m_SortingLayerID: 0
  m_SortingLayer: 0
  m_SortingOrder: 0
--- !u!114 &-3778941696580660993
MonoBehaviour:
  m_ObjectHideFlags: 0
  m_CorrespondingSourceObject: {fileID: 0}
  m_PrefabInstance: {fileID: 0}
  m_PrefabAsset: {fileID: 0}
  m_GameObject: {fileID: 7828999272426920486}
  m_Enabled: 1
  m_EditorHideFlags: 0
  m_Script: {fileID: 11500000, guid: 888380afc233049ce9e618f9f36c8ba8, type: 3}
  m_Name: 
  m_EditorClassIdentifier: 
  profile: {fileID: 0}
  profileSync: 0
  previewInEditor: 1
  effectGroup: 1
  effectGroupLayer:
    serializedVersion: 2
    m_Bits: 4294967295
  alphaCutOff: 0
  cullBackFaces: 1
  ignoreObjectVisibility: 0
  reflectionProbes: 0
  ignore: 0
  _highlighted: 0
  fadeInDuration: 0
  fadeOutDuration: 0
  flipY: 0
  constantWidth: 1
  overlay: 0
  overlayColor: {r: 1, g: 0.92156863, b: 0.015686275, a: 1}
  overlayAnimationSpeed: 1
  overlayMinIntensity: 0
  overlayBlending: 1
  outline: 1
  outlineColor: {r: 1, g: 0, b: 0, a: 1}
  outlineWidth: 0.45
  outlineQuality: 1
  outlineDownsampling: 2
  outlineVisibility: 0
  outlineOptimalBlit: 1
  outlineBlitDebug: 0
  outlineIndependent: 1
  glow: 0
  glowWidth: 0.4
  glowQuality: 1
  glowDownsampling: 2
  glowHQColor: {r: 0.64, g: 1, b: 0, a: 1}
  glowDithering: 1
  glowBlendMode: 0
  glowMagicNumber1: 0.75
  glowMagicNumber2: 0.5
  glowAnimationSpeed: 1
  glowVisibility: 0
  glowOptimalBlit: 1
  glowBlitDebug: 0
  glowPasses:
  - offset: 4
    alpha: 0.1
    color: {r: 0.64, g: 1, b: 0, a: 1}
  - offset: 3
    alpha: 0.2
    color: {r: 0.64, g: 1, b: 0, a: 1}
  - offset: 2
    alpha: 0.3
    color: {r: 0.64, g: 1, b: 0, a: 1}
  - offset: 1
    alpha: 0.4
    color: {r: 0.64, g: 1, b: 0, a: 1}
  innerGlow: 0
  innerGlowWidth: 0
  innerGlowColor: {r: 1, g: 1, b: 1, a: 1}
  innerGlowVisibility: 0
  targetFX: 0
  targetFXTexture: {fileID: 0}
  targetFXColor: {r: 1, g: 1, b: 1, a: 1}
  targetFXCenter: {fileID: 0}
  targetFXRotationSpeed: 50
  targetFXInitialScale: 4
  targetFXEndScale: 1.5
  targetFXTransitionDuration: 0.5
  targetFXStayDuration: 1.5
  seeThrough: 2
  seeThroughIntensity: 0.8
  seeThroughTintAlpha: 0.5
  seeThroughTintColor: {r: 1, g: 0, b: 0, a: 1}
  seeThroughNoise: 1
  seeThroughBorder: 0
  seeThroughBorderColor: {r: 0, g: 0, b: 0, a: 1}
  seeThroughBorderWidth: 0.45
  rmsCount: 0
