%YAML 1.1
%TAG !u! tag:unity3d.com,2011:
--- !u!1 &3102742565399113808
GameObject:
  m_ObjectHideFlags: 0
  m_CorrespondingSourceObject: {fileID: 0}
  m_PrefabInstance: {fileID: 0}
  m_PrefabAsset: {fileID: 0}
  serializedVersion: 6
  m_Component:
  - component: {fileID: 2113452888952914499}
  - component: {fileID: 9206014551029120532}
  - component: {fileID: 365212229323745046}
  - component: {fileID: 143268640107948644}
  m_Layer: 8
  m_Name: Window 2x1Empty
  m_TagString: Untagged
  m_Icon: {fileID: 0}
  m_NavMeshLayer: 0
  m_StaticEditorFlags: 0
  m_IsActive: 1
--- !u!4 &2113452888952914499
Transform:
  m_ObjectHideFlags: 0
  m_CorrespondingSourceObject: {fileID: 0}
  m_PrefabInstance: {fileID: 0}
  m_PrefabAsset: {fileID: 0}
  m_GameObject: {fileID: 3102742565399113808}
  m_LocalRotation: {x: 0, y: -0, z: -0, w: 1}
  m_LocalPosition: {x: 5.9815803, y: -0.00000011920929, z: 8.479754}
  m_LocalScale: {x: 1, y: 1, z: 1}
  m_Children:
  - {fileID: 8668913968884513741}
  - {fileID: 2781416854818242351}
  - {fileID: 6207599185852175838}
  - {fileID: 5223382026838073639}
  - {fileID: 2077388420344169962}
  m_Father: {fileID: 0}
  m_RootOrder: 0
  m_LocalEulerAnglesHint: {x: 0, y: 0, z: 0}
--- !u!114 &9206014551029120532
MonoBehaviour:
  m_ObjectHideFlags: 0
  m_CorrespondingSourceObject: {fileID: 0}
  m_PrefabInstance: {fileID: 0}
  m_PrefabAsset: {fileID: 0}
  m_GameObject: {fileID: 3102742565399113808}
  m_Enabled: 1
  m_EditorHideFlags: 0
  m_Script: {fileID: 11500000, guid: 33bd2b267647acc409c0bf83a590f8ef, type: 3}
  m_Name: 
  m_EditorClassIdentifier: 
  Name: "\u041E\u043A\u043D\u043E 2x1"
  Group: 22
  Sprite: {fileID: 21300000, guid: bfcfe49f839d2f6458683592efcc83c3, type: 3}
  TypeBracing:
  - internal_weld
  - convex_weld
  Blocked: 0
  TakeDetailMove: 0
  DetailMesh: {fileID: 2372549865405665179}
  MinorMeshes: []
  Highlight: {fileID: 4523756752167955382}
  CodeDetail: Window 2x1
  Type: 0
  LocalAxisPos: {x: 0, y: 0, z: 0}
  LocalAxisRot: {x: 0, y: 0, z: 0}
  GenerateCod: 
  ParameterDetail: {fileID: 0}
--- !u!54 &365212229323745046
Rigidbody:
  m_ObjectHideFlags: 0
  m_CorrespondingSourceObject: {fileID: 0}
  m_PrefabInstance: {fileID: 0}
  m_PrefabAsset: {fileID: 0}
  m_GameObject: {fileID: 3102742565399113808}
  serializedVersion: 2
  m_Mass: 30
  m_Drag: 0
  m_AngularDrag: 0.05
  m_UseGravity: 0
  m_IsKinematic: 1
  m_Interpolate: 0
  m_Constraints: 0
  m_CollisionDetection: 0
--- !u!65 &143268640107948644
BoxCollider:
  m_ObjectHideFlags: 0
  m_CorrespondingSourceObject: {fileID: 0}
  m_PrefabInstance: {fileID: 0}
  m_PrefabAsset: {fileID: 0}
  m_GameObject: {fileID: 3102742565399113808}
  m_Material: {fileID: 0}
  m_IsTrigger: 0
  m_Enabled: 1
  serializedVersion: 2
  m_Size: {x: 0.398, y: 0.239, z: 0.198}
  m_Center: {x: -0.02000007, y: 0.040000074, z: 0}
--- !u!1 &5576641282232518204
GameObject:
  m_ObjectHideFlags: 0
  m_CorrespondingSourceObject: {fileID: 0}
  m_PrefabInstance: {fileID: 0}
  m_PrefabAsset: {fileID: 0}
  serializedVersion: 6
  m_Component:
  - component: {fileID: 2781416854818242351}
  m_Layer: 10
  m_Name: convex_weld_2
  m_TagString: Untagged
  m_Icon: {fileID: 0}
  m_NavMeshLayer: 0
  m_StaticEditorFlags: 0
  m_IsActive: 1
--- !u!4 &2781416854818242351
Transform:
  m_ObjectHideFlags: 0
  m_CorrespondingSourceObject: {fileID: 0}
  m_PrefabInstance: {fileID: 0}
  m_PrefabAsset: {fileID: 0}
  m_GameObject: {fileID: 5576641282232518204}
  m_LocalRotation: {x: -0.7071068, y: 0, z: -0, w: 0.7071068}
  m_LocalPosition: {x: 0.07999992, y: 0.16000007, z: 0}
  m_LocalScale: {x: 30.000002, y: 30.000002, z: 10}
  m_Children: []
  m_Father: {fileID: 2113452888952914499}
  m_RootOrder: 1
  m_LocalEulerAnglesHint: {x: 0, y: 0, z: 0}
--- !u!1 &6353158425637684788
GameObject:
  m_ObjectHideFlags: 0
  m_CorrespondingSourceObject: {fileID: 0}
  m_PrefabInstance: {fileID: 0}
  m_PrefabAsset: {fileID: 0}
  serializedVersion: 6
  m_Component:
  - component: {fileID: 6207599185852175838}
  m_Layer: 10
  m_Name: internal_weld_1
  m_TagString: Untagged
  m_Icon: {fileID: 0}
  m_NavMeshLayer: 0
  m_StaticEditorFlags: 0
  m_IsActive: 1
--- !u!4 &6207599185852175838
Transform:
  m_ObjectHideFlags: 0
  m_CorrespondingSourceObject: {fileID: 0}
  m_PrefabInstance: {fileID: 0}
  m_PrefabAsset: {fileID: 0}
  m_GameObject: {fileID: 6353158425637684788}
  m_LocalRotation: {x: -0.7071068, y: 0, z: -0, w: 0.7071068}
  m_LocalPosition: {x: -0.120000064, y: -0.07999992, z: 0}
  m_LocalScale: {x: 30.000002, y: 30.000002, z: 10}
  m_Children: []
  m_Father: {fileID: 2113452888952914499}
  m_RootOrder: 2
  m_LocalEulerAnglesHint: {x: 0, y: 0, z: 0}
--- !u!1 &7462541985229475985
GameObject:
  m_ObjectHideFlags: 0
  m_CorrespondingSourceObject: {fileID: 0}
  m_PrefabInstance: {fileID: 0}
  m_PrefabAsset: {fileID: 0}
  serializedVersion: 6
  m_Component:
  - component: {fileID: 5223382026838073639}
  m_Layer: 10
  m_Name: internal_weld_2
  m_TagString: Untagged
  m_Icon: {fileID: 0}
  m_NavMeshLayer: 0
  m_StaticEditorFlags: 0
  m_IsActive: 1
--- !u!4 &5223382026838073639
Transform:
  m_ObjectHideFlags: 0
  m_CorrespondingSourceObject: {fileID: 0}
  m_PrefabInstance: {fileID: 0}
  m_PrefabAsset: {fileID: 0}
  m_GameObject: {fileID: 7462541985229475985}
  m_LocalRotation: {x: -0.7071068, y: 0, z: -0, w: 0.7071068}
  m_LocalPosition: {x: 0.07999992, y: -0.07999992, z: 0}
  m_LocalScale: {x: 30.000002, y: 30.000002, z: 10}
  m_Children: []
  m_Father: {fileID: 2113452888952914499}
  m_RootOrder: 3
  m_LocalEulerAnglesHint: {x: 0, y: 0, z: 0}
--- !u!1 &7935974796431222439
GameObject:
  m_ObjectHideFlags: 0
  m_CorrespondingSourceObject: {fileID: 0}
  m_PrefabInstance: {fileID: 0}
  m_PrefabAsset: {fileID: 0}
  serializedVersion: 6
  m_Component:
  - component: {fileID: 2077388420344169962}
  - component: {fileID: 7691271225940283130}
  - component: {fileID: 2372549865405665179}
  - component: {fileID: 4523756752167955382}
  m_Layer: 0
  m_Name: window_2x1empty
  m_TagString: Untagged
  m_Icon: {fileID: 0}
  m_NavMeshLayer: 0
  m_StaticEditorFlags: 0
  m_IsActive: 1
--- !u!4 &2077388420344169962
Transform:
  m_ObjectHideFlags: 0
  m_CorrespondingSourceObject: {fileID: 0}
  m_PrefabInstance: {fileID: 0}
  m_PrefabAsset: {fileID: 0}
  m_GameObject: {fileID: 7935974796431222439}
  m_LocalRotation: {x: 0.7071068, y: 0, z: -0, w: 0.7071068}
  m_LocalPosition: {x: -0.02000007, y: -0.07999992, z: 0}
  m_LocalScale: {x: 1, y: 1, z: 1}
  m_Children: []
  m_Father: {fileID: 2113452888952914499}
  m_RootOrder: 4
  m_LocalEulerAnglesHint: {x: 0, y: 0, z: 0}
--- !u!33 &7691271225940283130
MeshFilter:
  m_ObjectHideFlags: 0
  m_CorrespondingSourceObject: {fileID: 0}
  m_PrefabInstance: {fileID: 0}
  m_PrefabAsset: {fileID: 0}
  m_GameObject: {fileID: 7935974796431222439}
  m_Mesh: {fileID: -5297643356901488597, guid: 061f3db170cc16d4ea1570ebf0355fb8, type: 3}
--- !u!23 &2372549865405665179
MeshRenderer:
  m_ObjectHideFlags: 0
  m_CorrespondingSourceObject: {fileID: 0}
  m_PrefabInstance: {fileID: 0}
  m_PrefabAsset: {fileID: 0}
  m_GameObject: {fileID: 7935974796431222439}
  m_Enabled: 1
  m_CastShadows: 1
  m_ReceiveShadows: 1
  m_DynamicOccludee: 1
  m_MotionVectors: 1
  m_LightProbeUsage: 1
  m_ReflectionProbeUsage: 1
  m_RayTracingMode: 2
  m_RenderingLayerMask: 1
  m_RendererPriority: 0
  m_Materials:
  - {fileID: 2100000, guid: 2e793bc7e8058524e817a3d20c49c8d7, type: 2}
  m_StaticBatchInfo:
    firstSubMesh: 0
    subMeshCount: 0
  m_StaticBatchRoot: {fileID: 0}
  m_ProbeAnchor: {fileID: 0}
  m_LightProbeVolumeOverride: {fileID: 0}
  m_ScaleInLightmap: 1
  m_ReceiveGI: 1
  m_PreserveUVs: 0
  m_IgnoreNormalsForChartDetection: 0
  m_ImportantGI: 0
  m_StitchLightmapSeams: 1
  m_SelectedEditorRenderState: 3
  m_MinimumChartSize: 4
  m_AutoUVMaxDistance: 0.5
  m_AutoUVMaxAngle: 89
  m_LightmapParameters: {fileID: 0}
  m_SortingLayerID: 0
  m_SortingLayer: 0
  m_SortingOrder: 0
--- !u!114 &4523756752167955382
MonoBehaviour:
  m_ObjectHideFlags: 0
  m_CorrespondingSourceObject: {fileID: 0}
  m_PrefabInstance: {fileID: 0}
  m_PrefabAsset: {fileID: 0}
  m_GameObject: {fileID: 7935974796431222439}
  m_Enabled: 1
  m_EditorHideFlags: 0
  m_Script: {fileID: 11500000, guid: 888380afc233049ce9e618f9f36c8ba8, type: 3}
  m_Name: 
  m_EditorClassIdentifier: 
  profile: {fileID: 0}
  profileSync: 0
  previewInEditor: 1
  effectGroup: 1
  effectGroupLayer:
    serializedVersion: 2
    m_Bits: 4294967295
  alphaCutOff: 0
  cullBackFaces: 1
  ignoreObjectVisibility: 0
  reflectionProbes: 0
  ignore: 0
  _highlighted: 0
  fadeInDuration: 0
  fadeOutDuration: 0
  flipY: 0
  constantWidth: 1
  overlay: 0
  overlayColor: {r: 1, g: 0.92156863, b: 0.015686275, a: 1}
  overlayAnimationSpeed: 1
  overlayMinIntensity: 0
  overlayBlending: 1
  outline: 1
  outlineColor: {r: 1, g: 0, b: 0, a: 1}
  outlineWidth: 0.45
  outlineQuality: 1
  outlineDownsampling: 2
  outlineVisibility: 0
  outlineOptimalBlit: 1
  outlineBlitDebug: 0
  outlineIndependent: 1
  glow: 0
  glowWidth: 0.4
  glowQuality: 1
  glowDownsampling: 2
  glowHQColor: {r: 0.64, g: 1, b: 0, a: 1}
  glowDithering: 1
  glowBlendMode: 0
  glowMagicNumber1: 0.75
  glowMagicNumber2: 0.5
  glowAnimationSpeed: 1
  glowVisibility: 0
  glowOptimalBlit: 1
  glowBlitDebug: 0
  glowPasses:
  - offset: 4
    alpha: 0.1
    color: {r: 0.64, g: 1, b: 0, a: 1}
  - offset: 3
    alpha: 0.2
    color: {r: 0.64, g: 1, b: 0, a: 1}
  - offset: 2
    alpha: 0.3
    color: {r: 0.64, g: 1, b: 0, a: 1}
  - offset: 1
    alpha: 0.4
    color: {r: 0.64, g: 1, b: 0, a: 1}
  innerGlow: 0
  innerGlowWidth: 0
  innerGlowColor: {r: 1, g: 1, b: 1, a: 1}
  innerGlowVisibility: 0
  targetFX: 0
  targetFXTexture: {fileID: 0}
  targetFXColor: {r: 1, g: 1, b: 1, a: 1}
  targetFXCenter: {fileID: 0}
  targetFXRotationSpeed: 50
  targetFXInitialScale: 4
  targetFXEndScale: 1.5
  targetFXTransitionDuration: 0.5
  targetFXStayDuration: 1.5
  seeThrough: 2
  seeThroughIntensity: 0.8
  seeThroughTintAlpha: 0.5
  seeThroughTintColor: {r: 1, g: 0, b: 0, a: 1}
  seeThroughNoise: 1
  seeThroughBorder: 0
  seeThroughBorderColor: {r: 0, g: 0, b: 0, a: 1}
  seeThroughBorderWidth: 0.45
  rmsCount: 0
--- !u!1 &8351418256468010965
GameObject:
  m_ObjectHideFlags: 0
  m_CorrespondingSourceObject: {fileID: 0}
  m_PrefabInstance: {fileID: 0}
  m_PrefabAsset: {fileID: 0}
  serializedVersion: 6
  m_Component:
  - component: {fileID: 8668913968884513741}
  m_Layer: 10
  m_Name: convex_weld_1
  m_TagString: Untagged
  m_Icon: {fileID: 0}
  m_NavMeshLayer: 0
  m_StaticEditorFlags: 0
  m_IsActive: 1
--- !u!4 &8668913968884513741
Transform:
  m_ObjectHideFlags: 0
  m_CorrespondingSourceObject: {fileID: 0}
  m_PrefabInstance: {fileID: 0}
  m_PrefabAsset: {fileID: 0}
  m_GameObject: {fileID: 8351418256468010965}
  m_LocalRotation: {x: -0.7071068, y: 0, z: -0, w: 0.7071068}
  m_LocalPosition: {x: -0.120000064, y: 0.16000007, z: 0}
  m_LocalScale: {x: 30.000002, y: 30.000002, z: 10}
  m_Children: []
  m_Father: {fileID: 2113452888952914499}
  m_RootOrder: 0
  m_LocalEulerAnglesHint: {x: 0, y: 0, z: 0}
