%YAML 1.1
%TAG !u! tag:unity3d.com,2011:
--- !u!1 &158684487939374014
GameObject:
  m_ObjectHideFlags: 0
  m_CorrespondingSourceObject: {fileID: 0}
  m_PrefabInstance: {fileID: 0}
  m_PrefabAsset: {fileID: 0}
  serializedVersion: 6
  m_Component:
  - component: {fileID: 3305266718869342728}
  m_Layer: 10
  m_Name: internal_weld_2
  m_TagString: Untagged
  m_Icon: {fileID: 0}
  m_NavMeshLayer: 0
  m_StaticEditorFlags: 0
  m_IsActive: 1
--- !u!4 &3305266718869342728
Transform:
  m_ObjectHideFlags: 0
  m_CorrespondingSourceObject: {fileID: 0}
  m_PrefabInstance: {fileID: 0}
  m_PrefabAsset: {fileID: 0}
  m_GameObject: {fileID: 158684487939374014}
  m_LocalRotation: {x: -0.7071068, y: 0, z: 0, w: 0.7071068}
  m_LocalPosition: {x: -0.100000024, y: 0, z: 0.1}
  m_LocalScale: {x: 1, y: 1, z: 1}
  m_Children: []
  m_Father: {fileID: 2684855952338436274}
  m_RootOrder: 2
  m_LocalEulerAnglesHint: {x: -90, y: 0, z: 0}
--- !u!1 &473479740674714841
GameObject:
  m_ObjectHideFlags: 0
  m_CorrespondingSourceObject: {fileID: 0}
  m_PrefabInstance: {fileID: 0}
  m_PrefabAsset: {fileID: 0}
  serializedVersion: 6
  m_Component:
  - component: {fileID: 7672487917831158579}
  m_Layer: 10
  m_Name: internal_weld_4
  m_TagString: Untagged
  m_Icon: {fileID: 0}
  m_NavMeshLayer: 0
  m_StaticEditorFlags: 0
  m_IsActive: 1
--- !u!4 &7672487917831158579
Transform:
  m_ObjectHideFlags: 0
  m_CorrespondingSourceObject: {fileID: 0}
  m_PrefabInstance: {fileID: 0}
  m_PrefabAsset: {fileID: 0}
  m_GameObject: {fileID: 473479740674714841}
  m_LocalRotation: {x: -0.7071068, y: 0, z: 0, w: 0.7071068}
  m_LocalPosition: {x: -0.100000024, y: 0, z: -0.1}
  m_LocalScale: {x: 1, y: 1, z: 1}
  m_Children: []
  m_Father: {fileID: 2684855952338436274}
  m_RootOrder: 4
  m_LocalEulerAnglesHint: {x: -90, y: 0, z: 0}
--- !u!1 &1087105517847286165
GameObject:
  m_ObjectHideFlags: 0
  m_CorrespondingSourceObject: {fileID: 0}
  m_PrefabInstance: {fileID: 0}
  m_PrefabAsset: {fileID: 0}
  serializedVersion: 6
  m_Component:
  - component: {fileID: 3645892128504252712}
  m_Layer: 10
  m_Name: internal_weld_3
  m_TagString: Untagged
  m_Icon: {fileID: 0}
  m_NavMeshLayer: 0
  m_StaticEditorFlags: 0
  m_IsActive: 1
--- !u!4 &3645892128504252712
Transform:
  m_ObjectHideFlags: 0
  m_CorrespondingSourceObject: {fileID: 0}
  m_PrefabInstance: {fileID: 0}
  m_PrefabAsset: {fileID: 0}
  m_GameObject: {fileID: 1087105517847286165}
  m_LocalRotation: {x: -0.7071068, y: 0, z: 0, w: 0.7071068}
  m_LocalPosition: {x: 0.100000024, y: 0, z: -0.1}
  m_LocalScale: {x: 1, y: 1, z: 1}
  m_Children: []
  m_Father: {fileID: 2684855952338436274}
  m_RootOrder: 3
  m_LocalEulerAnglesHint: {x: -90, y: 0, z: 0}
--- !u!1 &3330557118554090063
GameObject:
  m_ObjectHideFlags: 0
  m_CorrespondingSourceObject: {fileID: 0}
  m_PrefabInstance: {fileID: 0}
  m_PrefabAsset: {fileID: 0}
  serializedVersion: 6
  m_Component:
  - component: {fileID: 2684855952338436274}
  - component: {fileID: 3633052975028395451}
  - component: {fileID: 8313563596367641991}
  - component: {fileID: 49284450796021980}
  m_Layer: 8
  m_Name: Turntable2x2PlateBase
  m_TagString: Untagged
  m_Icon: {fileID: 0}
  m_NavMeshLayer: 0
  m_StaticEditorFlags: 0
  m_IsActive: 1
--- !u!4 &2684855952338436274
Transform:
  m_ObjectHideFlags: 0
  m_CorrespondingSourceObject: {fileID: 0}
  m_PrefabInstance: {fileID: 0}
  m_PrefabAsset: {fileID: 0}
  m_GameObject: {fileID: 3330557118554090063}
  m_LocalRotation: {x: -0, y: -0, z: -0, w: 1}
  m_LocalPosition: {x: 0.8809192, y: -0.48092026, z: -18.699999}
  m_LocalScale: {x: 1, y: 1, z: 1}
  m_Children:
  - {fileID: 2425476842966010170}
  - {fileID: 3712749806784757489}
  - {fileID: 3305266718869342728}
  - {fileID: 3645892128504252712}
  - {fileID: 7672487917831158579}
  - {fileID: 8716711455429814636}
  m_Father: {fileID: 0}
  m_RootOrder: 0
  m_LocalEulerAnglesHint: {x: 0, y: 0, z: 0}
--- !u!114 &3633052975028395451
MonoBehaviour:
  m_ObjectHideFlags: 0
  m_CorrespondingSourceObject: {fileID: 0}
  m_PrefabInstance: {fileID: 0}
  m_PrefabAsset: {fileID: 0}
  m_GameObject: {fileID: 3330557118554090063}
  m_Enabled: 1
  m_EditorHideFlags: 0
  m_Script: {fileID: 11500000, guid: 33bd2b267647acc409c0bf83a590f8ef, type: 3}
  m_Name: 
  m_EditorClassIdentifier: 
  Name: "\u041F\u043B\u0438\u0442\u0430 \u043F\u043E\u0432\u043E\u0440\u043E\u0442\u0430
    2x2"
  Group: 16
  Sprite: {fileID: 21300000, guid: 84a4798d7c2023b468204ee8e9f01048, type: 3}
  TypeBracing:
  - internal_weld
  - base_down_axis
  Blocked: 0
  TakeDetailMove: 0
  DetailMesh: {fileID: 6237614362664382371}
  MinorMeshes: []
  Highlight: {fileID: 7132530293219795888}
  CodeDetail: Turntable2x2PlateBase
  Type: 3
  LocalAxisPos: {x: 0, y: 0, z: 0}
  LocalAxisRot: {x: 0, y: 0, z: 0}
  GenerateCod: 
  ParameterDetail: {fileID: 0}
--- !u!54 &8313563596367641991
Rigidbody:
  m_ObjectHideFlags: 0
  m_CorrespondingSourceObject: {fileID: 0}
  m_PrefabInstance: {fileID: 0}
  m_PrefabAsset: {fileID: 0}
  m_GameObject: {fileID: 3330557118554090063}
  serializedVersion: 2
  m_Mass: 30
  m_Drag: 0
  m_AngularDrag: 0.05
  m_UseGravity: 0
  m_IsKinematic: 1
  m_Interpolate: 0
  m_Constraints: 0
  m_CollisionDetection: 0
--- !u!65 &49284450796021980
BoxCollider:
  m_ObjectHideFlags: 0
  m_CorrespondingSourceObject: {fileID: 0}
  m_PrefabInstance: {fileID: 0}
  m_PrefabAsset: {fileID: 0}
  m_GameObject: {fileID: 3330557118554090063}
  m_Material: {fileID: 0}
  m_IsTrigger: 0
  m_Enabled: 1
  serializedVersion: 2
  m_Size: {x: 0.39999998, y: 0.03872112, z: 0.4}
  m_Center: {x: 0, y: 0.020639438, z: 0}
--- !u!1 &3870358118439939301
GameObject:
  m_ObjectHideFlags: 0
  m_CorrespondingSourceObject: {fileID: 0}
  m_PrefabInstance: {fileID: 0}
  m_PrefabAsset: {fileID: 0}
  serializedVersion: 6
  m_Component:
  - component: {fileID: 2425476842966010170}
  m_Layer: 10
  m_Name: base_down_axis
  m_TagString: Untagged
  m_Icon: {fileID: 0}
  m_NavMeshLayer: 0
  m_StaticEditorFlags: 0
  m_IsActive: 1
--- !u!4 &2425476842966010170
Transform:
  m_ObjectHideFlags: 0
  m_CorrespondingSourceObject: {fileID: 0}
  m_PrefabInstance: {fileID: 0}
  m_PrefabAsset: {fileID: 0}
  m_GameObject: {fileID: 3870358118439939301}
  m_LocalRotation: {x: -0.7071068, y: 0, z: 0, w: 0.7071068}
  m_LocalPosition: {x: 0, y: 0, z: 0}
  m_LocalScale: {x: 1, y: 1, z: 1}
  m_Children: []
  m_Father: {fileID: 2684855952338436274}
  m_RootOrder: 0
  m_LocalEulerAnglesHint: {x: -90, y: 0, z: 0}
--- !u!1 &4434206406498659611
GameObject:
  m_ObjectHideFlags: 0
  m_CorrespondingSourceObject: {fileID: 0}
  m_PrefabInstance: {fileID: 0}
  m_PrefabAsset: {fileID: 0}
  serializedVersion: 6
  m_Component:
  - component: {fileID: 3712749806784757489}
  m_Layer: 10
  m_Name: internal_weld_1
  m_TagString: Untagged
  m_Icon: {fileID: 0}
  m_NavMeshLayer: 0
  m_StaticEditorFlags: 0
  m_IsActive: 1
--- !u!4 &3712749806784757489
Transform:
  m_ObjectHideFlags: 0
  m_CorrespondingSourceObject: {fileID: 0}
  m_PrefabInstance: {fileID: 0}
  m_PrefabAsset: {fileID: 0}
  m_GameObject: {fileID: 4434206406498659611}
  m_LocalRotation: {x: -0.7071068, y: 0, z: 0, w: 0.7071068}
  m_LocalPosition: {x: 0.100000024, y: 0, z: 0.1}
  m_LocalScale: {x: 1, y: 1, z: 1}
  m_Children: []
  m_Father: {fileID: 2684855952338436274}
  m_RootOrder: 1
  m_LocalEulerAnglesHint: {x: -90, y: 0, z: 0}
--- !u!1 &5669085501964819327
GameObject:
  m_ObjectHideFlags: 0
  m_CorrespondingSourceObject: {fileID: 0}
  m_PrefabInstance: {fileID: 0}
  m_PrefabAsset: {fileID: 0}
  serializedVersion: 6
  m_Component:
  - component: {fileID: 8716711455429814636}
  - component: {fileID: 408979145242432346}
  - component: {fileID: 6237614362664382371}
  - component: {fileID: 7132530293219795888}
  m_Layer: 8
  m_Name: turntable2x2_plate_base
  m_TagString: Untagged
  m_Icon: {fileID: 0}
  m_NavMeshLayer: 0
  m_StaticEditorFlags: 0
  m_IsActive: 1
--- !u!4 &8716711455429814636
Transform:
  m_ObjectHideFlags: 0
  m_CorrespondingSourceObject: {fileID: 0}
  m_PrefabInstance: {fileID: 0}
  m_PrefabAsset: {fileID: 0}
  m_GameObject: {fileID: 5669085501964819327}
  m_LocalRotation: {x: -0.70710677, y: -0, z: -0, w: 0.7071068}
  m_LocalPosition: {x: 0, y: 0, z: 0}
  m_LocalScale: {x: 1, y: 1, z: 1}
  m_Children: []
  m_Father: {fileID: 2684855952338436274}
  m_RootOrder: 5
  m_LocalEulerAnglesHint: {x: -90.00001, y: 0, z: 0}
--- !u!33 &408979145242432346
MeshFilter:
  m_ObjectHideFlags: 0
  m_CorrespondingSourceObject: {fileID: 0}
  m_PrefabInstance: {fileID: 0}
  m_PrefabAsset: {fileID: 0}
  m_GameObject: {fileID: 5669085501964819327}
  m_Mesh: {fileID: 519575084981040119, guid: 2fb96ff709b885048b457ab9c781480a, type: 3}
--- !u!23 &6237614362664382371
MeshRenderer:
  m_ObjectHideFlags: 0
  m_CorrespondingSourceObject: {fileID: 0}
  m_PrefabInstance: {fileID: 0}
  m_PrefabAsset: {fileID: 0}
  m_GameObject: {fileID: 5669085501964819327}
  m_Enabled: 1
  m_CastShadows: 1
  m_ReceiveShadows: 1
  m_DynamicOccludee: 1
  m_MotionVectors: 1
  m_LightProbeUsage: 1
  m_ReflectionProbeUsage: 1
  m_RayTracingMode: 2
  m_RenderingLayerMask: 1
  m_RendererPriority: 0
  m_Materials:
  - {fileID: -3382132656650453848, guid: 2fb96ff709b885048b457ab9c781480a, type: 3}
  m_StaticBatchInfo:
    firstSubMesh: 0
    subMeshCount: 0
  m_StaticBatchRoot: {fileID: 0}
  m_ProbeAnchor: {fileID: 0}
  m_LightProbeVolumeOverride: {fileID: 0}
  m_ScaleInLightmap: 1
  m_ReceiveGI: 1
  m_PreserveUVs: 0
  m_IgnoreNormalsForChartDetection: 0
  m_ImportantGI: 0
  m_StitchLightmapSeams: 1
  m_SelectedEditorRenderState: 3
  m_MinimumChartSize: 4
  m_AutoUVMaxDistance: 0.5
  m_AutoUVMaxAngle: 89
  m_LightmapParameters: {fileID: 0}
  m_SortingLayerID: 0
  m_SortingLayer: 0
  m_SortingOrder: 0
--- !u!114 &7132530293219795888
MonoBehaviour:
  m_ObjectHideFlags: 0
  m_CorrespondingSourceObject: {fileID: 0}
  m_PrefabInstance: {fileID: 0}
  m_PrefabAsset: {fileID: 0}
  m_GameObject: {fileID: 5669085501964819327}
  m_Enabled: 1
  m_EditorHideFlags: 0
  m_Script: {fileID: 11500000, guid: 888380afc233049ce9e618f9f36c8ba8, type: 3}
  m_Name: 
  m_EditorClassIdentifier: 
  profile: {fileID: 0}
  profileSync: 0
  previewInEditor: 1
  effectGroup: 1
  effectGroupLayer:
    serializedVersion: 2
    m_Bits: 4294967295
  alphaCutOff: 0
  cullBackFaces: 1
  ignoreObjectVisibility: 0
  reflectionProbes: 0
  ignore: 0
  _highlighted: 0
  fadeInDuration: 0
  fadeOutDuration: 0
  flipY: 0
  constantWidth: 1
  overlay: 0
  overlayColor: {r: 1, g: 0.92156863, b: 0.015686275, a: 1}
  overlayAnimationSpeed: 1
  overlayMinIntensity: 0
  overlayBlending: 1
  outline: 1
  outlineColor: {r: 1, g: 0, b: 0, a: 1}
  outlineWidth: 0.45
  outlineQuality: 1
  outlineDownsampling: 2
  outlineVisibility: 0
  outlineOptimalBlit: 1
  outlineBlitDebug: 0
  outlineIndependent: 1
  glow: 0
  glowWidth: 0.4
  glowQuality: 1
  glowDownsampling: 2
  glowHQColor: {r: 0.64, g: 1, b: 0, a: 1}
  glowDithering: 1
  glowBlendMode: 0
  glowMagicNumber1: 0.75
  glowMagicNumber2: 0.5
  glowAnimationSpeed: 1
  glowVisibility: 0
  glowOptimalBlit: 1
  glowBlitDebug: 0
  glowPasses:
  - offset: 4
    alpha: 0.1
    color: {r: 0.64, g: 1, b: 0, a: 1}
  - offset: 3
    alpha: 0.2
    color: {r: 0.64, g: 1, b: 0, a: 1}
  - offset: 2
    alpha: 0.3
    color: {r: 0.64, g: 1, b: 0, a: 1}
  - offset: 1
    alpha: 0.4
    color: {r: 0.64, g: 1, b: 0, a: 1}
  innerGlow: 0
  innerGlowWidth: 0
  innerGlowColor: {r: 1, g: 1, b: 1, a: 1}
  innerGlowVisibility: 0
  targetFX: 0
  targetFXTexture: {fileID: 0}
  targetFXColor: {r: 1, g: 1, b: 1, a: 1}
  targetFXCenter: {fileID: 0}
  targetFXRotationSpeed: 50
  targetFXInitialScale: 4
  targetFXEndScale: 1.5
  targetFXTransitionDuration: 0.5
  targetFXStayDuration: 1.5
  seeThrough: 2
  seeThroughIntensity: 0.8
  seeThroughTintAlpha: 0.5
  seeThroughTintColor: {r: 1, g: 0, b: 0, a: 1}
  seeThroughNoise: 1
  seeThroughBorder: 0
  seeThroughBorderColor: {r: 0, g: 0, b: 0, a: 1}
  seeThroughBorderWidth: 0.45
  rmsCount: 0
