%YAML 1.1
%TAG !u! tag:unity3d.com,2011:
--- !u!1 &326200577592362315
GameObject:
  m_ObjectHideFlags: 0
  m_CorrespondingSourceObject: {fileID: 0}
  m_PrefabInstance: {fileID: 0}
  m_PrefabAsset: {fileID: 0}
  serializedVersion: 6
  m_Component:
  - component: {fileID: 3128750018374595837}
  m_Layer: 10
  m_Name: internal_weld_2
  m_TagString: Untagged
  m_Icon: {fileID: 0}
  m_NavMeshLayer: 0
  m_StaticEditorFlags: 0
  m_IsActive: 1
--- !u!4 &3128750018374595837
Transform:
  m_ObjectHideFlags: 0
  m_CorrespondingSourceObject: {fileID: 0}
  m_PrefabInstance: {fileID: 0}
  m_PrefabAsset: {fileID: 0}
  m_GameObject: {fileID: 326200577592362315}
  m_LocalRotation: {x: -0.7071068, y: 0, z: -0, w: 0.7071068}
  m_LocalPosition: {x: -0.07999992, y: 0, z: 0.07999992}
  m_LocalScale: {x: 30.000002, y: 30.000002, z: 10}
  m_Children: []
  m_Father: {fileID: 9098078167229192089}
  m_RootOrder: 1
  m_LocalEulerAnglesHint: {x: 0, y: 0, z: 0}
--- !u!1 &734021107414537600
GameObject:
  m_ObjectHideFlags: 0
  m_CorrespondingSourceObject: {fileID: 0}
  m_PrefabInstance: {fileID: 0}
  m_PrefabAsset: {fileID: 0}
  serializedVersion: 6
  m_Component:
  - component: {fileID: 1380606819074289314}
  - component: {fileID: 8904178998772336723}
  - component: {fileID: 5862062032079860640}
  - component: {fileID: 2945205556608367573}
  m_Layer: 0
  m_Name: tile_2x2cornerr
  m_TagString: Untagged
  m_Icon: {fileID: 0}
  m_NavMeshLayer: 0
  m_StaticEditorFlags: 0
  m_IsActive: 1
--- !u!4 &1380606819074289314
Transform:
  m_ObjectHideFlags: 0
  m_CorrespondingSourceObject: {fileID: 0}
  m_PrefabInstance: {fileID: 0}
  m_PrefabAsset: {fileID: 0}
  m_GameObject: {fileID: 734021107414537600}
  m_LocalRotation: {x: 0.7071068, y: 0, z: -0, w: 0.7071068}
  m_LocalPosition: {x: 0.02000007, y: -3.4555715e-17, z: -0.02000007}
  m_LocalScale: {x: 1, y: 1, z: 1}
  m_Children: []
  m_Father: {fileID: 9098078167229192089}
  m_RootOrder: 2
  m_LocalEulerAnglesHint: {x: 0, y: 0, z: 0}
--- !u!33 &8904178998772336723
MeshFilter:
  m_ObjectHideFlags: 0
  m_CorrespondingSourceObject: {fileID: 0}
  m_PrefabInstance: {fileID: 0}
  m_PrefabAsset: {fileID: 0}
  m_GameObject: {fileID: 734021107414537600}
  m_Mesh: {fileID: 329185660547807486, guid: 33d94b912efafe54d9c4eb0f48a77237, type: 3}
--- !u!23 &5862062032079860640
MeshRenderer:
  m_ObjectHideFlags: 0
  m_CorrespondingSourceObject: {fileID: 0}
  m_PrefabInstance: {fileID: 0}
  m_PrefabAsset: {fileID: 0}
  m_GameObject: {fileID: 734021107414537600}
  m_Enabled: 1
  m_CastShadows: 1
  m_ReceiveShadows: 1
  m_DynamicOccludee: 1
  m_MotionVectors: 1
  m_LightProbeUsage: 1
  m_ReflectionProbeUsage: 1
  m_RayTracingMode: 2
  m_RenderingLayerMask: 1
  m_RendererPriority: 0
  m_Materials:
  - {fileID: 2100000, guid: 2e793bc7e8058524e817a3d20c49c8d7, type: 2}
  m_StaticBatchInfo:
    firstSubMesh: 0
    subMeshCount: 0
  m_StaticBatchRoot: {fileID: 0}
  m_ProbeAnchor: {fileID: 0}
  m_LightProbeVolumeOverride: {fileID: 0}
  m_ScaleInLightmap: 1
  m_ReceiveGI: 1
  m_PreserveUVs: 0
  m_IgnoreNormalsForChartDetection: 0
  m_ImportantGI: 0
  m_StitchLightmapSeams: 1
  m_SelectedEditorRenderState: 3
  m_MinimumChartSize: 4
  m_AutoUVMaxDistance: 0.5
  m_AutoUVMaxAngle: 89
  m_LightmapParameters: {fileID: 0}
  m_SortingLayerID: 0
  m_SortingLayer: 0
  m_SortingOrder: 0
--- !u!114 &2945205556608367573
MonoBehaviour:
  m_ObjectHideFlags: 0
  m_CorrespondingSourceObject: {fileID: 0}
  m_PrefabInstance: {fileID: 0}
  m_PrefabAsset: {fileID: 0}
  m_GameObject: {fileID: 734021107414537600}
  m_Enabled: 1
  m_EditorHideFlags: 0
  m_Script: {fileID: 11500000, guid: 888380afc233049ce9e618f9f36c8ba8, type: 3}
  m_Name: 
  m_EditorClassIdentifier: 
  profile: {fileID: 0}
  profileSync: 0
  previewInEditor: 1
  effectGroup: 1
  effectGroupLayer:
    serializedVersion: 2
    m_Bits: 4294967295
  alphaCutOff: 0
  cullBackFaces: 1
  ignoreObjectVisibility: 0
  reflectionProbes: 0
  ignore: 0
  _highlighted: 0
  fadeInDuration: 0
  fadeOutDuration: 0
  flipY: 0
  constantWidth: 1
  overlay: 0
  overlayColor: {r: 1, g: 0.92156863, b: 0.015686275, a: 1}
  overlayAnimationSpeed: 1
  overlayMinIntensity: 0
  overlayBlending: 1
  outline: 1
  outlineColor: {r: 1, g: 0, b: 0, a: 1}
  outlineWidth: 0.45
  outlineQuality: 1
  outlineDownsampling: 2
  outlineVisibility: 0
  outlineOptimalBlit: 1
  outlineBlitDebug: 0
  outlineIndependent: 1
  glow: 0
  glowWidth: 0.4
  glowQuality: 1
  glowDownsampling: 2
  glowHQColor: {r: 0.64, g: 1, b: 0, a: 1}
  glowDithering: 1
  glowBlendMode: 0
  glowMagicNumber1: 0.75
  glowMagicNumber2: 0.5
  glowAnimationSpeed: 1
  glowVisibility: 0
  glowOptimalBlit: 1
  glowBlitDebug: 0
  glowPasses:
  - offset: 4
    alpha: 0.1
    color: {r: 0.64, g: 1, b: 0, a: 1}
  - offset: 3
    alpha: 0.2
    color: {r: 0.64, g: 1, b: 0, a: 1}
  - offset: 2
    alpha: 0.3
    color: {r: 0.64, g: 1, b: 0, a: 1}
  - offset: 1
    alpha: 0.4
    color: {r: 0.64, g: 1, b: 0, a: 1}
  innerGlow: 0
  innerGlowWidth: 0
  innerGlowColor: {r: 1, g: 1, b: 1, a: 1}
  innerGlowVisibility: 0
  targetFX: 0
  targetFXTexture: {fileID: 0}
  targetFXColor: {r: 1, g: 1, b: 1, a: 1}
  targetFXCenter: {fileID: 0}
  targetFXRotationSpeed: 50
  targetFXInitialScale: 4
  targetFXEndScale: 1.5
  targetFXTransitionDuration: 0.5
  targetFXStayDuration: 1.5
  seeThrough: 2
  seeThroughIntensity: 0.8
  seeThroughTintAlpha: 0.5
  seeThroughTintColor: {r: 1, g: 0, b: 0, a: 1}
  seeThroughNoise: 1
  seeThroughBorder: 0
  seeThroughBorderColor: {r: 0, g: 0, b: 0, a: 1}
  seeThroughBorderWidth: 0.45
  rmsCount: 0
--- !u!1 &4268374760067109870
GameObject:
  m_ObjectHideFlags: 0
  m_CorrespondingSourceObject: {fileID: 0}
  m_PrefabInstance: {fileID: 0}
  m_PrefabAsset: {fileID: 0}
  serializedVersion: 6
  m_Component:
  - component: {fileID: 3833532254279696388}
  m_Layer: 10
  m_Name: internal_weld_1
  m_TagString: Untagged
  m_Icon: {fileID: 0}
  m_NavMeshLayer: 0
  m_StaticEditorFlags: 0
  m_IsActive: 1
--- !u!4 &3833532254279696388
Transform:
  m_ObjectHideFlags: 0
  m_CorrespondingSourceObject: {fileID: 0}
  m_PrefabInstance: {fileID: 0}
  m_PrefabAsset: {fileID: 0}
  m_GameObject: {fileID: 4268374760067109870}
  m_LocalRotation: {x: -0.7071068, y: 0, z: -0, w: 0.7071068}
  m_LocalPosition: {x: 0.120000064, y: 1.3683235e-17, z: -0.120000064}
  m_LocalScale: {x: 30.000002, y: 30.000002, z: 10}
  m_Children: []
  m_Father: {fileID: 9098078167229192089}
  m_RootOrder: 0
  m_LocalEulerAnglesHint: {x: 0, y: 0, z: 0}
--- !u!1 &5195329035696612746
GameObject:
  m_ObjectHideFlags: 0
  m_CorrespondingSourceObject: {fileID: 0}
  m_PrefabInstance: {fileID: 0}
  m_PrefabAsset: {fileID: 0}
  serializedVersion: 6
  m_Component:
  - component: {fileID: 9098078167229192089}
  - component: {fileID: 293400924016722017}
  - component: {fileID: 1967001478332712041}
  - component: {fileID: 5962938102090073197}
  m_Layer: 8
  m_Name: Tile 2x2CornerR
  m_TagString: Untagged
  m_Icon: {fileID: 0}
  m_NavMeshLayer: 0
  m_StaticEditorFlags: 0
  m_IsActive: 1
--- !u!4 &9098078167229192089
Transform:
  m_ObjectHideFlags: 0
  m_CorrespondingSourceObject: {fileID: 0}
  m_PrefabInstance: {fileID: 0}
  m_PrefabAsset: {fileID: 0}
  m_GameObject: {fileID: 5195329035696612746}
  m_LocalRotation: {x: 0, y: -0, z: -0, w: 1}
  m_LocalPosition: {x: 8.674675, y: 0, z: 10.745744}
  m_LocalScale: {x: 1, y: 1, z: 1}
  m_Children:
  - {fileID: 3833532254279696388}
  - {fileID: 3128750018374595837}
  - {fileID: 1380606819074289314}
  m_Father: {fileID: 0}
  m_RootOrder: 0
  m_LocalEulerAnglesHint: {x: 0, y: 0, z: 0}
--- !u!114 &293400924016722017
MonoBehaviour:
  m_ObjectHideFlags: 0
  m_CorrespondingSourceObject: {fileID: 0}
  m_PrefabInstance: {fileID: 0}
  m_PrefabAsset: {fileID: 0}
  m_GameObject: {fileID: 5195329035696612746}
  m_Enabled: 1
  m_EditorHideFlags: 0
  m_Script: {fileID: 11500000, guid: 33bd2b267647acc409c0bf83a590f8ef, type: 3}
  m_Name: 
  m_EditorClassIdentifier: 
  Name: "\u041F\u043B\u0438\u0442\u0430 2x2CornerR"
  Group: 12
  Sprite: {fileID: 21300000, guid: 13ee0525c8112af44bd9abef8dce5814, type: 3}
  TypeBracing:
  - internal_weld
  Blocked: 0
  TakeDetailMove: 0
  DetailMesh: {fileID: 5862062032079860640}
  MinorMeshes: []
  Highlight: {fileID: 2945205556608367573}
  CodeDetail: Tile 2x2CornerR
  Type: 0
  LocalAxisPos: {x: 0, y: 0, z: 0}
  LocalAxisRot: {x: 0, y: 0, z: 0}
  GenerateCod: 
  ParameterDetail: {fileID: 0}
--- !u!54 &1967001478332712041
Rigidbody:
  m_ObjectHideFlags: 0
  m_CorrespondingSourceObject: {fileID: 0}
  m_PrefabInstance: {fileID: 0}
  m_PrefabAsset: {fileID: 0}
  m_GameObject: {fileID: 5195329035696612746}
  serializedVersion: 2
  m_Mass: 20
  m_Drag: 0
  m_AngularDrag: 0.05
  m_UseGravity: 0
  m_IsKinematic: 1
  m_Interpolate: 0
  m_Constraints: 0
  m_CollisionDetection: 0
--- !u!65 &5962938102090073197
BoxCollider:
  m_ObjectHideFlags: 0
  m_CorrespondingSourceObject: {fileID: 0}
  m_PrefabInstance: {fileID: 0}
  m_PrefabAsset: {fileID: 0}
  m_GameObject: {fileID: 5195329035696612746}
  m_Material: {fileID: 0}
  m_IsTrigger: 0
  m_Enabled: 1
  serializedVersion: 2
  m_Size: {x: 0.398, y: 0.0798, z: 0.398}
  m_Center: {x: 0.02000007, y: 0.04, z: -0.02000007}
